%%
%% This is file `example.bib',
%% generated with the docstrip utility.
%%
%% The original source files were:
%%
%% scrlettr.dtx  (with options: `addrconv,birthday,example')
%% 
%% BibTeX-Database example
%% Do not believe everything you read here.
%% It is just a demonstration.
%% 
@address{mustermann,
   name =    {Hans Mustermann},
   city =    {Heimstatt},
   zip =     01234,
   country = {Germany},
   street =  {Einbahnstra{\ss}e 1},
   phone =   {01234 / 5 67 89},
   fax =     {01234 / 5 67 89},
   email =   {hm{@}work.com},
   note =    {Alles nur Erfindung},
}

@address{AxelK,
   name =      {Axel Kielhorn},
   city =      {Braunschweig},
   zip =       38118,
   street =    {Stra{\ss}e des 16.~Mai 17},
   phone =     {0531 / 89 34 39},
   email =     {a.kielhorn{@}tu-bs.de},
   note =      {Author of the modified addressen.bst},
   birthday =  {16.05.1967},
   nbirthday = 0516,
}

@address{RalfK,
   name =      {Ralf Kielhorn},
   city =      {Braunschweig},
   zip =       38118,
   street =    {Stra{\ss}e des 17.~Juni 17},
   phone =     {0531 / 89 34 39},
   email =     {a.kielhorn{@}tu-bs.de},
   note =      {Send e-mail with subject forward to ralf},
   birthday =  {05.08.1967},
   nbirthday = 0805,
}

@address{KOMA,
   name =      {Markus Kohm},
   city =      {Edingen-Neckarhausen},
   zip =       68535,
   street =    {Fichtenstra{\ss}e 63},
   url =       {http://www.uni-karlsruhe.de/~unlf/index.html}
   email =     {unlf@rz.uni-karlsruhe.de},
   note =      {Mails less than 32 KByte also to Markus{\_}Kohm@hd.maus.de},
}
%% 
%%
%% End of file `example.bib'.
