%
% To jest TESTOWA i NIEPRAWDZIWA bibliografia Bogus/lawa Licho/nskiego
%

% According to Staszek Wawrykiewicz <staw@gust.org.pl>, these files
% been put into the public domain.
%
% 2001/06/05 Thomas Esser

@mastersthesis{test,
   title = "PL polska implementacja niczego",
   author = "Bogus/law Licho/nski and Roman Piba",
   institution = "GWO",
   school = "UG",
   note = "Dokumentacja dla u/zytkownik/ow i programist/ow",
   day = 22,
   month = sep,
   year = 1997 }


